@article{francis2011,
	author = {R. I. C. C. Francis},
	title = {Data weighting in statistical fisheries stock assessment models},
  journal   = {Can. J. Fish. Aquat. Sci.},
	year = {2011},
	Volume = {68},
	Number = {6},
	Pages = {1124-1138},
}

@article{edwards2013,
  author       = {A. M. Edwards and R. Haigh and P. J. Starr},
  year         = {2014},
  title        = {Pacific {Ocean Perch} ({\emph{Sebastes alutus}}) stock
    assessment for the north and west coasts of {Haida Gwaii, British Columbia}},
  journal   = {DFO Can. Sci. Advis. Sec. Res. Doc.},
  volume    = {2013/092},
  pages     = {vi + 126~p}
}
